@misc{projectdescription,
  title = {{VLSI Chip Design Project} Project Description and Requirement Specification Version 1.0},
  howpublished = {\url{http://www.isy.liu.se/edu/kurs/TSEK06/projekt/projects/2016/p01-spec-16-bit-kogge-stone-adder_2016.pdf}},
  note = {Accessed: 2016-02-19}
}